@article{Sample,
	author = {First Author and Second Author},
	title = {The Title},
	volume = {00},
	year = {20XX},
	doi = {DOI://0.0.0},
	publisher = {Publisher Name},
	issn = {issn-no},
	URL = {https://url.com/url},
	journal = {Journal Name}
}

@ARTICLE{10.3389/fninf.2017.00076,
AUTHOR={Plesser, Hans E.},   
TITLE={Reproducibility vs. Replicability: A Brief History of a Confused Terminology},      
JOURNAL={Frontiers in Neuroinformatics},      
VOLUME={11},      
PAGES={76},     
YEAR={2018},      
URL={https://www.frontiersin.org/article/10.3389/fninf.2017.00076},       
DOI={10.3389/fninf.2017.00076},      
ISSN={1662-5196}   
}
